Order Priority,Discount,Unit Price,Shipping Cost,Customer ID,Customer Name,Ship Mode,Customer Segment,Product Category,Product Sub-Category,Product Container,Product Name,Product Base Margin,Country,Region,State or Province,City,Postal Code,Order Date,Ship Date,Profit,Quantity ordered new,Sales,Order ID
High,0.01,2.84,0.93,3,Bonnie Potter,Express Air,Corporate,Office Supplies,Pens & Art Supplies,Wrap Bag,SANFORD Liquid Accent™ Tank-Style Highlighters,0.54,United States,West,Washington,Anacortes,98221,1/7/15,1/8/15,4.56,4,13.01,88522
Not Specified,0.02,500.98,26,5,Ronnie Proctor,Delivery Truck,Home Office,Furniture,Chairs & Chairmats,Jumbo Drum,Global Troy™ Executive Leather Low-Back Tilter,0.6,United States,West,California,San Gabriel,91776,6/13/15,6/15/15,4390.3665,12,6362.85,90193
Critical,0.06,9.48,7.29,11,Marcus Dunlap,Regular Air,Home Office,Furniture,Office Furnishings,Small Pack,"DAX Two-Tone Rosewood/Black Document Frame, Desktop, 5 x 7",0.45,United States,East,New Jersey,Roselle,7203,2/15/15,2/17/15,-53.8096,22,211.15,90192
Medium,0.09,78.69,19.99,14,Gwendolyn F Tyson,Regular Air,Small Business,Furniture,Office Furnishings,Small Box,Howard Miller 12-3/4 Diameter Accuwave DS ™ Wall Clock,0.43,United States,Central,Minnesota,Prior Lake,55372,5/12/15,5/14/15,803.4705,16,1164.45,86838
Medium,0.08,3.28,2.31,14,Gwendolyn F Tyson,Regular Air,Small Business,Office Supplies,Pens & Art Supplies,Wrap Bag,Newell 321,0.56,United States,Central,Minnesota,Prior Lake,55372,5/12/15,5/13/15,-24.03,7,22.23,86838
Medium,0.05,3.28,4.2,14,Gwendolyn F Tyson,Regular Air,Small Business,Office Supplies,Pens & Art Supplies,Wrap Bag,Newell 351,0.56,United States,Central,Minnesota,Prior Lake,55372,5/12/15,5/13/15,-37.03,4,13.99,86838
Medium,0.05,3.58,1.63,14,Gwendolyn F Tyson,Regular Air,Small Business,Office Supplies,Rubber Bands,Wrap Bag,"OIC Colored Binder Clips, Assorted Sizes",0.36,United States,Central,Minnesota,Prior Lake,55372,5/12/15,5/13/15,-0.71,4,14.26,86838
Critical,0,4.42,4.99,15,Timothy Reese,Regular Air,Small Business,Office Supplies,Envelopes,Small Box,Grip Seal Envelopes,0.38,United States,East,New York,Smithtown,11787,4/8/15,4/9/15,-59.82,7,33.47,86837
Medium,0.01,35.94,6.66,15,Timothy Reese,Regular Air,Small Business,Office Supplies,Envelopes,Small Box,"Tyvek ® Top-Opening Peel & Seel ® Envelopes, Gray",0.4,United States,East,New York,Smithtown,11787,5/28/15,5/28/15,261.8757,10,379.53,86839
High,0.04,2.98,1.58,16,Sarah Ramsey,Regular Air,Small Business,Office Supplies,Rubber Bands,Wrap Bag,Staples Gold Paper Clips,0.39,United States,East,New York,Syracuse,13210,2/12/15,2/15/15,2.63,6,18.8,86836
High,0.05,115.99,2.5,16,Sarah Ramsey,Regular Air,Small Business,Technology,Telephones and Communication,Small Box,StarTAC 7797,0.55,United States,East,New York,Syracuse,13210,2/12/15,2/14/15,652.7331,10,945.99,86836
High,0.05,26.48,6.93,18,Laurie Hanna,Regular Air,Small Business,Furniture,Office Furnishings,Small Box,DAX Natural Wood-Tone Poster Frame,0.49,United States,West,Montana,Helena,59601,5/15/15,5/16/15,314.4813,17,455.77,90031
Not Specified,0.07,12.99,9.44,19,Jim Rodgers,Regular Air,Small Business,Technology,Office Machines,Medium Box,Hewlett Packard 6S Scientific Calculator,0.39,United States,West,Montana,Missoula,59801,5/21/15,5/23/15,-114.6399,18,231.79,90032
High,0.05,26.48,6.93,21,Tony Wilkins Winters,Regular Air,Small Business,Furniture,Office Furnishings,Small Box,DAX Natural Wood-Tone Poster Frame,0.49,United States,East,New York,New York City,10012,5/15/15,5/16/15,384.38,70,1876.69,41793
Not Specified,0.08,5,3.39,21,Tony Wilkins Winters,Regular Air,Small Business,Office Supplies,Rubber Bands,Wrap Bag,Advantus Plastic Paper Clips,0.37,United States,East,New York,New York City,10012,5/21/15,5/22/15,-17.49,58,293.06,42949
Not Specified,0.07,12.99,9.44,21,Tony Wilkins Winters,Regular Air,Small Business,Technology,Office Machines,Medium Box,Hewlett Packard 6S Scientific Calculator,0.39,United States,East,New York,New York City,10012,5/21/15,5/23/15,-114.6399,71,914.29,42949
High,0.06,55.48,14.3,24,Edna Thomas,Regular Air,Corporate,Office Supplies,Paper,Small Box,Xerox 194,0.37,United States,West,California,Laguna Niguel,92677,1/28/15,1/29/15,-28.2968,1,67.49,87651
High,0.02,1.68,1.57,24,Edna Thomas,Regular Air,Corporate,Office Supplies,Pens & Art Supplies,Wrap Bag,Newell 323,0.59,United States,West,California,Laguna Niguel,92677,1/28/15,1/30/15,-5.3072,1,2.25,87651
Not Specified,0.04,4.14,6.6,27,Guy Gallagher,Regular Air,Corporate,Furniture,Office Furnishings,Small Box,Eldon Image Series Black Desk Accessories,0.49,United States,West,California,Lakewood,90712,5/2/15,5/4/15,8.894,12,54.78,87652
High,0.08,34.99,7.73,32,Matthew Berman,Regular Air,Corporate,Office Supplies,Pens & Art Supplies,Small Box,Hunt Boston® Vacuum Mount KS Pencil Sharpener,0.59,United States,West,Oregon,Grants Pass,97526,2/22/15,2/23/15,144.69,13,424.68,89199
High,0.01,17.98,8.51,32,Matthew Berman,Regular Air,Corporate,Technology,Office Machines,Medium Box,Canon P1-DHIII Palm Printing Calculator,0.4,United States,West,Oregon,Grants Pass,97526,3/27/15,3/28/15,-35.8788,2,40.17,89200
Medium,0.09,125.99,7.69,32,Matthew Berman,Express Air,Corporate,Technology,Telephones and Communication,Small Box,StarTAC 3000,0.59,United States,West,Oregon,Grants Pass,97526,1/20/15,1/22/15,209.997,8,783.55,89202
Low,0.06,205.99,8.99,32,Matthew Berman,Regular Air,Corporate,Technology,Telephones and Communication,Small Box,TimeportP7382,0.56,United States,West,Oregon,Grants Pass,97526,3/12/15,3/19/15,3568.096,22,3838.14,89203
Not Specified,0.03,4.24,5.41,33,Ricky Hensley,Regular Air,Corporate,Office Supplies,Binders and Binder Accessories,Small Box,Storex DuraTech Recycled Plastic Frosted Binders,0.35,United States,West,Oregon,Gresham,97030,6/15/15,6/17/15,-84.4376,13,58.68,89201
Not Specified,0.04,2.94,0.7,33,Ricky Hensley,Regular Air,Corporate,Office Supplies,Pens & Art Supplies,Wrap Bag,Newell 338,0.58,United States,West,Oregon,Gresham,97030,6/15/15,6/16/15,24.312,18,53.1,89201
High,0,99.99,19.99,43,Theodore Moran,Regular Air,Consumer,Technology,Office Machines,Small Box,AT&T 2230 Dual Handset Phone With Caller ID/Call Waiting,0.52,United States,West,Washington,Redmond,98052,5/10/15,5/11/15,25.91382,6,647.07,91454
Not Specified,0,115.99,2.5,52,Lorraine Kelly,Regular Air,Corporate,Technology,Telephones and Communication,Small Box,6160,0.57,United States,West,Washington,Puyallup,98373,3/10/15,3/10/15,162.666,6,627.04,88426
Critical,0.07,3502.14,8.73,53,Sidney Russell Austin,Delivery Truck,Corporate,Technology,Office Machines,Jumbo Box,Okidata Pacemark 4410N Wide Format Dot Matrix Printer,0.57,United States,West,Washington,Redmond,98052,1/28/15,1/30/15,-6923.5992,1,3267.55,88425
Not Specified,0.02,5.98,5.79,53,Sidney Russell Austin,Regular Air,Corporate,Office Supplies,Paper,Small Box,Xerox 1903,0.36,United States,West,Washington,Redmond,98052,3/10/15,3/11/15,-67.49,17,110.19,88426
Medium,0.06,3.8,1.49,56,Randall Montgomery,Regular Air,Consumer,Office Supplies,Binders and Binder Accessories,Small Box,Durable Pressboard Binders,0.38,United States,East,New York,Tonawanda,14150,4/20/15,4/21/15,19.6282,20,73.55,88075
Medium,0.06,1.76,0.7,56,Randall Montgomery,Regular Air,Consumer,Office Supplies,Pens & Art Supplies,Wrap Bag,Newell 310,0.56,United States,East,New York,Tonawanda,14150,4/20/15,4/21/15,-1.6524,17,29.57,88075
High,0.02,5.98,5.15,62,Pam Gilbert,Regular Air,Corporate,Office Supplies,Paper,Small Box,Xerox 193,0.36,United States,Central,Texas,Round Rock,78664,5/9/15,5/11/15,2.14,3,22.85,87407
High,0.04,29.14,4.86,62,Pam Gilbert,Regular Air,Corporate,Office Supplies,Paper,Wrap Bag,"Snap-A-Way® Black Print Carbonless Speed Message, No Reply Area, Duplicate",0.38,United States,Central,Texas,Round Rock,78664,6/12/15,6/14/15,349.4091,17,506.39,87408
Not Specified,0,3.69,0.5,64,Lynn Morrow,Regular Air,Small Business,Office Supplies,Labels,Small Box,Avery 501,0.38,United States,South,Virginia,Salem,24153,3/2/15,3/4/15,-37.5291,1,4,87406
Not Specified,0.02,175.99,4.99,64,Lynn Morrow,Express Air,Small Business,Technology,Telephones and Communication,Small Box,5165,0.59,United States,South,Virginia,Salem,24153,3/2/15,3/2/15,101.49,4,589.8,87406
Low,0.05,155.06,7.07,67,Ellen McCormick,Regular Air,Corporate,Office Supplies,Storage & Organization,Small Box,"Dual Level, Single-Width Filing Carts",0.59,United States,West,California,Napa,94559,1/2/15,1/9/15,845.664,8,1225.6,87946
Low,0,291.73,48.8,68,Scott Bunn,Delivery Truck,Corporate,Furniture,Chairs & Chairmats,Jumbo Drum,Hon 4070 Series Pagoda™ Armless Upholstered Stacking Chairs,0.56,United States,East,New York,New York City,10177,1/2/15,1/2/15,-308.928,4,1239.06,37537
Low,0.07,100.98,45,68,Scott Bunn,Delivery Truck,Corporate,Furniture,Chairs & Chairmats,Jumbo Drum,Hon Valutask™ Swivel Chairs,0.69,United States,East,New York,New York City,10177,1/2/15,1/4/15,-1679.76,43,4083.19,37537
Low,0.05,155.06,7.07,68,Scott Bunn,Regular Air,Corporate,Office Supplies,Storage & Organization,Small Box,"Dual Level, Single-Width Filing Carts",0.59,United States,East,New York,New York City,10177,1/2/15,1/9/15,575.396,32,4902.38,37537
High,0.09,122.99,70.2,68,Scott Bunn,Delivery Truck,Corporate,Furniture,Chairs & Chairmats,Jumbo Drum,"Global High-Back Leather Tilter, Burgundy",0.74,United States,East,New York,New York City,10177,2/2/15,2/4/15,-2426.55,49,5718.85,55713
High,0.09,122.99,70.2,70,Annette Boone,Delivery Truck,Corporate,Furniture,Chairs & Chairmats,Jumbo Drum,"Global High-Back Leather Tilter, Burgundy",0.74,United States,East,Vermont,Burlington,5401,2/2/15,2/4/15,-2426.55,12,1400.53,87947
High,0.04,296.18,54.12,83,Edgar Stone,Delivery Truck,Corporate,Furniture,Tables,Jumbo Box,Hon 94000 Series Round Tables,0.76,United States,East,Ohio,Canton,44708,3/15/15,3/15/15,-715.778206,6,1821.89,87365
Not Specified,0,8.09,7.96,84,Helen Stein,Regular Air,Consumer,Furniture,Office Furnishings,Small Box,"6"" Cubicle Wall Clock, Black",0.49,United States,East,Ohio,Cincinnati,45231,2/2/15,2/3/15,-144.56,11,90.98,87364
High,0.08,896.99,19.99,84,Helen Stein,Regular Air,Corporate,Office Supplies,Binders and Binder Accessories,Small Box,GBC DocuBind TL300 Electric Binding System,0.38,United States,East,Ohio,Cincinnati,45231,3/30/15,4/2/15,7402.32,13,10728,87366
Low,0.05,161.55,19.99,87,Norman Shields,Regular Air,Corporate,Office Supplies,Storage & Organization,Small Box,Fellowes Super Stor/Drawer® Files,0.66,United States,West,California,Vacaville,95687,6/3/15,6/8/15,1892.424,19,3127.69,90596
High,0.09,4.91,0.5,87,Norman Shields,Regular Air,Corporate,Office Supplies,Labels,Small Box,Avery 493,0.36,United States,West,California,Vacaville,95687,3/22/15,3/23/15,28.8558,9,41.82,90597
High,0.01,296.18,54.12,87,Norman Shields,Delivery Truck,Corporate,Furniture,Tables,Jumbo Box,Hon 94000 Series Round Tables,0.76,United States,West,California,Vacaville,95687,3/22/15,3/25/15,173.48,9,2875.72,90597
High,0.07,19.84,4.1,91,Wallace Werner,Regular Air,Home Office,Office Supplies,Pens & Art Supplies,Wrap Bag,Prismacolor Color Pencil Set,0.44,United States,West,California,Vallejo,94591,5/17/15,5/18/15,117.852,9,170.8,87175
Medium,0.05,5.18,2.04,91,Wallace Werner,Regular Air,Home Office,Office Supplies,Paper,Wrap Bag,Array® Memo Cubes,0.36,United States,West,California,Vallejo,94591,2/18/15,2/20/15,34.0104,10,53.54,87176
Medium,0.06,175.99,8.99,91,Wallace Werner,Regular Air,Corporate,Technology,Telephones and Communication,Small Box,2180,0.57,United States,West,California,Vallejo,94591,3/4/15,3/6/15,2031.507,23,3363.53,87177
High,0.07,8.34,1.43,92,Victoria Baker Hoover,Regular Air,Home Office,Office Supplies,Paper,Wrap Bag,"REDIFORM Incoming/Outgoing Call Register, 11"" X 8 1/2"", 100 Messages",0.35,United States,South,Louisiana,Terrytown,70056,5/17/15,5/19/15,-190.68,16,132.08,87175
High,0.09,4.98,6.07,92,Victoria Baker Hoover,Regular Air,Home Office,Office Supplies,Paper,Small Box,Xerox 1897,0.36,United States,South,Louisiana,Terrytown,70056,5/17/15,5/18/15,325.398,9,45.34,87175
Medium,0.04,12.98,3.14,92,Victoria Baker Hoover,Express Air,Corporate,Office Supplies,"Scissors, Rulers and Trimmers",Small Pack,"Acme® 8"" Straight Scissors",0.6,United States,South,Louisiana,Terrytown,70056,6/7/15,6/9/15,22.818,16,216.04,87178
Not Specified,0.04,160.98,30,94,Eddie House Mueller,Delivery Truck,Home Office,Furniture,Chairs & Chairmats,Jumbo Drum,Office Star - Mid Back Dual function Ergonomic High Back Chair with 2-Way Adjustable Arms,0.62,United States,Central,Illinois,Chicago,60601,5/3/15,5/5/15,116.1,37,6276.34,44231
Not Specified,0.01,17.98,4,94,Eddie House Mueller,Regular Air,Home Office,Technology,Computer Peripherals,Small Box,"Belkin 107-key enhanced keyboard, USB/PS/2 interface",0.79,United States,Central,Illinois,Chicago,60601,5/3/15,5/5/15,-87.96,146,2664.4,44231
Not Specified,0.04,160.98,30,97,Max McKenna,Delivery Truck,Home Office,Furniture,Chairs & Chairmats,Jumbo Drum,Office Star - Mid Back Dual function Ergonomic High Back Chair with 2-Way Adjustable Arms,0.62,United States,Central,Kansas,Manhattan,66502,5/3/15,5/5/15,255.42,9,1526.68,87306
Not Specified,0.06,115.99,8.99,97,Max McKenna,Regular Air,Home Office,Technology,Telephones and Communication,Small Box,5185,0.58,United States,Central,Kansas,Manhattan,66502,5/3/15,5/4/15,685.6146,20,1952.56,87306
Medium,0.1,19.98,4,101,Claudia Boyle,Regular Air,Consumer,Technology,Computer Peripherals,Small Box,Belkin 105-Key Black Keyboard,0.68,United States,East,Maine,Biddeford,4005,6/22/15,6/24/15,-16.2,16,303.59,88205
Medium,0.04,300.98,54.92,102,Caroline Johnston,Delivery Truck,Consumer,Furniture,Bookcases,Jumbo Box,"Atlantic Metals Mobile 5-Shelf Bookcases, Custom Colors",0.55,United States,East,Massachusetts,Boston,2129,4/6/15,4/7/15,2023.75,31,9459.94,42599
Medium,0.1,19.98,4,102,Caroline Johnston,Regular Air,Consumer,Technology,Computer Peripherals,Small Box,Belkin 105-Key Black Keyboard,0.68,United States,East,Massachusetts,Boston,2129,6/22/15,6/24/15,-20.25,65,1233.32,3397
Medium,0.09,2.88,1.49,102,Caroline Johnston,Regular Air,Consumer,Office Supplies,Binders and Binder Accessories,Small Box,Avery Durable Binders,0.36,United States,East,Massachusetts,Boston,2129,6/22/15,6/23/15,-3.381,17,47.31,3397
Medium,0.04,300.98,54.92,107,Lois Hamilton,Delivery Truck,Consumer,Furniture,Bookcases,Jumbo Box,"Atlantic Metals Mobile 5-Shelf Bookcases, Custom Colors",0.55,United States,East,New Hampshire,Dover,3820,4/6/15,4/7/15,1684.4763,8,2441.27,88204
Medium,0.09,2.88,1.49,109,Tom McFarland,Regular Air,Consumer,Office Supplies,Binders and Binder Accessories,Small Box,Avery Durable Binders,0.36,United States,East,New Jersey,Lodi,7644,6/22/15,6/23/15,-2.7048,4,11.13,88205
High,0.03,4.26,1.2,114,Ron Newton,Regular Air,Home Office,Office Supplies,Pens & Art Supplies,Wrap Bag,"Dixon Prang® Watercolor Pencils, 10-Color Set with Brush",0.44,United States,West,Oregon,Lake Oswego,97035,1/3/15,1/4/15,18.658,7,29.5,89583
Medium,0.01,4.91,0.5,114,Ron Newton,Regular Air,Home Office,Office Supplies,Labels,Small Box,Avery 493,0.36,United States,West,Oregon,Lake Oswego,97035,4/4/15,4/6/15,40.2477,12,58.33,89584
Medium,0.09,4,1.3,114,Ron Newton,Express Air,Home Office,Office Supplies,Paper,Wrap Bag,EcoTones® Memo Sheets,0.37,United States,West,Oregon,Lake Oswego,97035,4/4/15,4/6/15,14.0898,5,20.42,89584
Low,0.07,2.12,1.99,115,Dwight M Carr,Regular Air,Home Office,Technology,Computer Peripherals,Small Pack,Fuji Slim Jewel Case CD-R,0.55,United States,West,Oregon,Mcminnville,97128,4/9/15,4/11/15,-55.84,12,26.07,89585
High,0.03,4.26,1.2,117,Linda Weiss,Regular Air,Home Office,Office Supplies,Pens & Art Supplies,Wrap Bag,"Dixon Prang® Watercolor Pencils, 10-Color Set with Brush",0.44,United States,West,Washington,Seattle,98103,1/3/15,1/4/15,9.82,29,122.23,7909
Medium,0.01,4.91,0.5,117,Linda Weiss,Regular Air,Home Office,Office Supplies,Labels,Small Box,Avery 493,0.36,United States,West,Washington,Seattle,98103,4/4/15,4/6/15,112.06,47,228.46,13959
Medium,0.09,4,1.3,117,Linda Weiss,Express Air,Home Office,Office Supplies,Paper,Wrap Bag,EcoTones® Memo Sheets,0.37,United States,West,Washington,Seattle,98103,4/4/15,4/6/15,16.79,19,77.61,13959
Low,0.07,2.12,1.99,117,Linda Weiss,Regular Air,Home Office,Technology,Computer Peripherals,Small Pack,Fuji Slim Jewel Case CD-R,0.55,United States,West,Washington,Seattle,98103,4/9/15,4/11/15,-55.84,46,99.94,58914
High,0.05,6.3,0.5,120,Helen H Murphy,Regular Air,Corporate,Office Supplies,Labels,Small Box,Avery 51,0.39,United States,West,Utah,Layton,84041,1/12/15,1/13/15,41.2965,10,59.85,86520
High,0.09,205.99,3,120,Helen H Murphy,Express Air,Corporate,Technology,Telephones and Communication,Small Box,6185,0.58,United States,West,Utah,Layton,84041,1/12/15,1/14/15,1179.0237,10,1708.73,86520
Critical,0.06,8.57,6.14,123,Shawn Stern,Regular Air,Home Office,Office Supplies,"Scissors, Rulers and Trimmers",Small Pack,Acme® Office Executive Series Stainless Steel Trimmers,0.59,United States,South,Virginia,Tysons Corner,22102,4/9/15,4/10/15,105.678,11,94.97,90669
Not Specified,0.02,1.74,4.08,129,Kara Allison,Regular Air,Small Business,Furniture,Office Furnishings,Small Pack,"Eldon Regeneration Recycled Desk Accessories, Smoke",0.53,United States,Central,Illinois,Alton,62002,1/27/15,1/28/15,-37.39,5,10.23,86693
Not Specified,0.07,15.74,1.39,129,Kara Allison,Regular Air,Small Business,Office Supplies,Envelopes,Small Box,"#10-4 1/8"" x 9 1/2"" Premium Diagonal Seam Envelopes",0.4,United States,Central,Illinois,Alton,62002,5/25/15,5/26/15,149.8887,14,217.23,86694
Critical,0.04,18.97,9.54,136,Dale Gillespie,Regular Air,Small Business,Office Supplies,Paper,Small Box,Xerox 1939,0.37,United States,West,California,Petaluma,94952,5/16/15,5/17/15,3.04,5,101.74,88534
Critical,0.09,10.98,3.37,136,Dale Gillespie,Regular Air,Small Business,Office Supplies,"Scissors, Rulers and Trimmers",Small Pack,Fiskars® Softgrip Scissors,0.57,United States,West,California,Petaluma,94952,5/16/15,5/17/15,2.706,8,84.52,88534
Critical,0.03,22.84,11.54,142,Brooke Weeks Taylor,Regular Air,Small Business,Office Supplies,Paper,Small Box,Xerox 1964,0.39,United States,East,Connecticut,Ansonia,6401,6/2/15,6/3/15,91.956,13,312.59,91087
Critical,0.05,10.98,3.37,144,Marguerite Moss,Regular Air,Small Business,Office Supplies,"Scissors, Rulers and Trimmers",Small Pack,Fiskars® Softgrip Scissors,0.57,United States,East,Massachusetts,Yarmouth,2664,6/2/15,6/3/15,-2.544,6,64.4,91087
Medium,0.06,7.04,2.17,145,Rhonda Ivey,Regular Air,Small Business,Office Supplies,Paper,Wrap Bag,"Wirebound Message Books, 2 7/8"" x 5"", 3 Forms per Page",0.38,United States,East,Pennsylvania,West Mifflin,15122,1/15/15,1/17/15,2.4852,2,14.65,91086
Low,0.07,154.13,69,145,Rhonda Ivey,Express Air,Home Office,Furniture,Tables,Large Box,Laminate Occasional Tables,0.68,United States,East,Pennsylvania,West Mifflin,15122,3/16/15,3/16/15,-634.7341,3,453.62,91089
Not Specified,0.01,45.98,4.8,146,Yvonne Fox,Regular Air,Small Business,Furniture,Office Furnishings,Wrap Bag,Tenex B1-RE Series Chair Mats for Low Pile Carpets,0.68,United States,Central,Texas,Watauga,76148,3/12/15,3/13/15,133.5771,4,193.59,91088
Medium,0.06,180.98,26.2,146,Yvonne Fox,Delivery Truck,Corporate,Furniture,Chairs & Chairmats,Jumbo Drum,Global Ergonomic Managers Chair,0.59,United States,Central,Texas,Watauga,76148,4/23/15,4/24/15,251.4084,5,929.57,91090
Critical,0.09,32.98,5.5,151,Geoffrey Zhu,Regular Air,Home Office,Technology,Computer Peripherals,Small Box,PC Concepts 116 Key Quantum 3000 Keyboard,0.75,United States,South,Tennessee,Kingsport,37664,1/22/15,1/23/15,-20.258,2,62.46,89521
High,0.09,5.98,2.5,151,Geoffrey Zhu,Regular Air,Home Office,Office Supplies,Envelopes,Small Box,Wausau Papers Astrobrights® Colored Envelopes,0.36,United States,South,Tennessee,Kingsport,37664,4/20/15,4/22/15,13.896,5,28.11,89523
Critical,0.09,2.88,0.7,152,Kent Kerr,Regular Air,Consumer,Office Supplies,Pens & Art Supplies,Wrap Bag,Newell 335,0.56,United States,South,Tennessee,Knoxville,37918,1/15/15,1/16/15,-172.718,2,5.5,89520
Low,0.01,79.52,48.2,152,Kent Kerr,Regular Air,Home Office,Furniture,Office Furnishings,Medium Box,Eldon Cleatmat Plus™ Chair Mats for High Pile Carpets,0.74,United States,South,Tennessee,Knoxville,37918,4/19/15,4/26/15,-40.684,8,667.84,89522
High,0.01,65.99,8.99,152,Kent Kerr,Regular Air,Consumer,Technology,Telephones and Communication,Small Box,StarTAC Analog,0.6,United States,South,Tennessee,Knoxville,37918,3/29/15,4/1/15,97.86,5,292.23,89524
Low,0.1,39.98,4,152,Kent Kerr,Regular Air,Small Business,Technology,Computer Peripherals,Small Box,Microsoft Natural Keyboard Elite,0.7,United States,South,Tennessee,Knoxville,37918,6/18/15,6/22/15,360.24,21,772.56,89525
Critical,0.01,95.99,4.9,156,Diana Xu,Regular Air,Corporate,Technology,Telephones and Communication,Small Box,T60,0.56,United States,West,Colorado,Fort Collins,80525,5/14/15,5/15/15,713.88,13,1050.08,87671
High,0.03,10.89,4.5,156,Diana Xu,Regular Air,Corporate,Office Supplies,Appliances,Small Box,Belkin 6 Outlet Metallic Surge Strip,0.59,United States,West,Colorado,Fort Collins,80525,1/25/15,1/26/15,-18.64,3,33.82,87672
Medium,0.05,100.98,35.84,164,Robin Kramer Vaughn,Delivery Truck,Home Office,Furniture,Bookcases,Jumbo Box,"Bush Westfield Collection Bookcases, Fully Assembled",0.62,United States,West,Washington,Richland,99352,1/2/15,1/4/15,-111.4,7,715.55,89961
Medium,0.02,4.98,5.49,164,Robin Kramer Vaughn,Regular Air,Home Office,Office Supplies,Paper,Small Box,Xerox 1952,0.38,United States,West,Washington,Richland,99352,1/2/15,1/3/15,-77.03,9,45.63,89961
Low,0.08,399.98,12.06,166,Vicki Hauser,Delivery Truck,Consumer,Technology,Office Machines,Jumbo Box,Okidata ML320 Series Turbo Dot Matrix Printers,0.56,United States,South,Tennessee,Lebanon,37087,1/11/15,1/18/15,28.5141,5,1839.91,89426
Low,0.08,43.22,16.71,169,Janice Cole,Regular Air,Corporate,Technology,Computer Peripherals,Small Box,"Fellowes Mobile Numeric Keypad, Graphite",0.66,United States,South,Louisiana,Baton Rouge,70802,1/3/15,1/5/15,280.27458,3,130.62,87463
Low,0.05,574.74,24.49,169,Janice Cole,Regular Air,Corporate,Technology,Office Machines,Large Box,Polycom ViaVideo™ Desktop Video Communications Unit,0.37,United States,South,Louisiana,Baton Rouge,70802,1/3/15,1/10/15,-112.4263,12,6945.16,87463
Low,0.04,10.14,2.27,169,Janice Cole,Regular Air,Corporate,Office Supplies,Paper,Wrap Bag,"Staples Wirebound Steno Books, 6"" x 9"", 12/Pack",0.36,United States,South,Louisiana,Baton Rouge,70802,1/3/15,1/7/15,24.924,3,30.94,87463
Critical,0.05,1.88,1.49,171,Christina Matthews,Regular Air,Corporate,Office Supplies,Binders and Binder Accessories,Small Box,Staples® General Use 3-Ring Binders,0.37,United States,East,New Jersey,Fort Lee,7024,4/13/15,4/15/15,-2.9095,1,3.42,87464
Critical,0.02,49.99,19.99,181,Wesley Waller,Regular Air,Small Business,Technology,Computer Peripherals,Small Box,Zoom V.92 USB External Faxmodem,0.41,United States,West,California,San Francisco,94122,2/21/15,2/21/15,-76.89,18,901.81,38087
High,0.07,1.68,1.57,181,Wesley Waller,Regular Air,Corporate,Office Supplies,Pens & Art Supplies,Wrap Bag,Newell 323,0.59,United States,West,California,San Francisco,94122,5/22/15,5/23/15,-35.75,116,186.59,3585
Critical,0.02,49.99,19.99,184,Phillip Holmes,Regular Air,Small Business,Technology,Computer Peripherals,Small Box,Zoom V.92 USB External Faxmodem,0.41,United States,East,Massachusetts,Arlington,2474,2/21/15,2/21/15,-76.89,5,250.5,88360
High,0.07,10.06,2.06,188,Alex Harrell,Regular Air,Corporate,Office Supplies,Paper,Wrap Bag,Riverleaf Stik-Withit® Designer Note Cubes®,0.39,United States,Central,Texas,Gainesville,76240,5/22/15,5/22/15,152.6556,23,221.24,88361
High,0.07,1.68,1.57,188,Alex Harrell,Regular Air,Corporate,Office Supplies,Pens & Art Supplies,Wrap Bag,Newell 323,0.59,United States,Central,Texas,Gainesville,76240,5/22/15,5/23/15,7.15,29,46.65,88361
High,0.1,58.1,1.49,190,Lloyd Norris,Regular Air,Corporate,Office Supplies,Binders and Binder Accessories,Small Box,Avery Arch Ring Binders,0.38,United States,Central,Illinois,Arlington Heights,60004,2/12/15,2/13/15,113.6499,3,164.71,89092
High,0.01,80.48,4.5,191,Gerald Kearney,Regular Air,Corporate,Office Supplies,Appliances,Small Box,APC 7 Outlet Network SurgeArrest Surge Protector,0.55,United States,Central,Illinois,Aurora,60505,2/12/15,2/15/15,-35.4744,1,79.68,89092
Not Specified,0.05,3.8,1.49,191,Gerald Kearney,Regular Air,Corporate,Office Supplies,Binders and Binder Accessories,Small Box,Durable Pressboard Binders,0.38,United States,Central,Illinois,Aurora,60505,4/9/15,4/11/15,14.467,14,53.26,89093
Not Specified,0.09,30.73,4,191,Gerald Kearney,Regular Air,Corporate,Technology,Computer Peripherals,Small Box,Fellowes 17-key keypad for PS/2 interface,0.75,United States,Central,Illinois,Aurora,60505,4/9/15,4/9/15,-99.9864,7,203.49,89093
Not Specified,0,125.99,8.08,191,Gerald Kearney,Regular Air,Corporate,Technology,Telephones and Communication,Small Box,StarTAC ST7762,0.57,United States,Central,Illinois,Aurora,60505,4/9/15,4/10/15,1348.59672,22,2356.01,89093
Not Specified,0,213.45,14.7,193,Danny Hong,Delivery Truck,Corporate,Technology,Office Machines,Jumbo Drum,Panasonic KX-P2130 Dot Matrix Printer,0.59,United States,West,Utah,Layton,84041,1/3/15,1/5/15,-560.81418,1,224.12,90430
Medium,0.07,6.54,5.27,193,Danny Hong,Regular Air,Corporate,Office Supplies,Binders and Binder Accessories,Small Box,Wilson Jones® Four-Pocket Poly Binders,0.36,United States,West,Utah,Layton,84041,3/30/15,4/1/15,-66.0445,21,140.3,90432
Not Specified,0.02,6.48,9.17,194,Tammy Goldman,Regular Air,Corporate,Office Supplies,Paper,Small Box,Xerox 1996,0.37,United States,West,Utah,Lehi,84043,1/10/15,1/11/15,-105.6852,4,28.2,90431
Medium,0.09,3.29,1.35,194,Tammy Goldman,Regular Air,Corporate,Office Supplies,Rubber Bands,Wrap Bag,Acco® Hot Clips™ Clips to Go,0.4,United States,West,Utah,Lehi,84043,3/30/15,4/1/15,15.66,23,71.55,90432
Critical,0,161.55,19.99,197,Samantha Weaver,Regular Air,Small Business,Office Supplies,Storage & Organization,Small Box,Fellowes Super Stor/Drawer® Files,0.66,United States,Central,Kansas,Overland Park,66212,4/2/15,4/4/15,1167.158,19,3108.98,88921
Critical,0,161.55,19.99,198,Leroy Blanchard,Regular Air,Small Business,Office Supplies,Storage & Organization,Small Box,Fellowes Super Stor/Drawer® Files,0.66,United States,Central,Michigan,Detroit,48138,4/2/15,4/4/15,1014.92,77,12599.55,51072
Not Specified,0.09,12.28,4.86,202,Max Small,Regular Air,Corporate,Office Supplies,Paper,Small Box,Xerox 1933,0.38,United States,Central,Oklahoma,Bartlesville,74006,4/27/15,4/28/15,1.73,3,34.65,88971
High,0.03,7.37,5.53,202,Max Small,Regular Air,Corporate,Technology,Computer Peripherals,Small Pack,"Imation 3.5"" Unformatted DS/HD Diskettes, 10/Box",0.69,United States,Central,Oklahoma,Bartlesville,74006,1/16/15,1/18/15,-133.7,11,85.79,88972
Low,0.05,1.86,2.58,210,Floyd Dale,Regular Air,Home Office,Office Supplies,Rubber Bands,Wrap Bag,"Super Bands, 12/Pack",0.82,United States,East,New York,Troy,12180,1/17/15,1/21/15,-66.62,9,17.61,85965
Medium,0.09,5.4,7.78,210,Floyd Dale,Express Air,Home Office,Office Supplies,Binders and Binder Accessories,Small Box,3M Organizer Strips,0.37,United States,East,New York,Troy,12180,6/2/15,6/2/15,-21.48775,4,27.3,85966
Medium,0.02,20.28,6.68,210,Floyd Dale,Regular Air,Home Office,Furniture,Office Furnishings,Small Box,"Seth Thomas 8 1/2"" Cubicle Clock",0.53,United States,East,New York,Troy,12180,6/2/15,6/2/15,44.6775,3,64.75,85966
Medium,0,11.55,2.36,210,Floyd Dale,Regular Air,Home Office,Office Supplies,Pens & Art Supplies,Wrap Bag,Newell 309,0.55,United States,East,New York,Troy,12180,6/2/15,6/3/15,23.595,5,62.98,85966
Medium,0.01,10.06,2.06,211,Anna Wood,Regular Air,Consumer,Office Supplies,Paper,Wrap Bag,Riverleaf Stik-Withit® Designer Note Cubes®,0.39,United States,East,New York,Utica,13501,1/6/15,1/8/15,7.59,2,21.2,85964
Medium,0,65.99,5.92,211,Anna Wood,Regular Air,Consumer,Technology,Telephones and Communication,Small Box,252,0.55,United States,East,New York,Utica,13501,1/6/15,1/8/15,-107.987,3,173.32,85964
Medium,0.05,2.08,2.56,211,Anna Wood,Regular Air,Home Office,Office Supplies,"Scissors, Rulers and Trimmers",Small Pack,Kleencut® Forged Office Shears by Acme United Corporation,0.55,United States,East,New York,Utica,13501,6/2/15,6/3/15,-36.25,20,42.29,85966
Medium,0.05,119.99,56.14,218,Frances Saunders,Delivery Truck,Consumer,Technology,Office Machines,Jumbo Box,Hewlett-Packard 2600DN Business Color Inkjet Printer,0.39,United States,West,Utah,Murray,84107,6/9/15,6/11/15,-102.5121,6,730.37,88048
Medium,0.03,60.89,32.41,228,Colleen Andrews,Delivery Truck,Small Business,Furniture,Chairs & Chairmats,Jumbo Drum,"Global Push Button Manager's Chair, Indigo",0.56,United States,South,North Carolina,Mint Hill,28227,4/2/15,4/3/15,36.354,7,450.49,88527
Medium,0.07,5.81,8.49,233,Michele Bullard,Regular Air,Small Business,Office Supplies,Binders and Binder Accessories,Small Box,Fellowes Black Plastic Comb Bindings,0.39,United States,Central,Illinois,Orland Park,60462,2/20/15,2/22/15,-243.2365,10,58.8,90237
Medium,0.04,9.65,6.22,233,Michele Bullard,Regular Air,Small Business,Furniture,Office Furnishings,Small Box,"Eldon Expressions™ Desk Accessory, Wood Pencil Holder, Oak",0.55,United States,Central,Illinois,Orland Park,60462,2/20/15,2/21/15,-53.62,12,120.47,90237
Critical,0.06,279.81,23.19,234,Don Cameron,Delivery Truck,Small Business,Office Supplies,Appliances,Jumbo Drum,Sanyo 2.5 Cubic Foot Mid-Size Office Refrigerators,0.59,United States,Central,Iowa,Newton,50208,2/5/15,2/6/15,1103.9724,6,1599.96,90236
High,0.03,28.53,1.49,234,Don Cameron,Regular Air,Small Business,Office Supplies,Binders and Binder Accessories,Small Box,Lock-Up Easel 'Spel-Binder',0.38,United States,Central,Iowa,Newton,50208,3/27/15,3/29/15,136.3371,7,197.59,90238
High,0.01,15.28,1.99,234,Don Cameron,Regular Air,Small Business,Technology,Computer Peripherals,Small Pack,"Memorex 4.7GB DVD+R, 3/Pack",0.42,United States,Central,Iowa,Newton,50208,3/27/15,3/29/15,-12.46,2,33.04,90238
Low,0.06,3.34,7.49,234,Don Cameron,Express Air,Small Business,Office Supplies,Pens & Art Supplies,Wrap Bag,"Eldon Spacemaker® Box, Quick-Snap Lid, Clear",0.54,United States,Central,Iowa,Newton,50208,4/28/15,4/30/15,-175.86,8,27.45,90239
Not Specified,0,442.14,14.7,236,Shawn McIntyre,Delivery Truck,Corporate,Technology,Office Machines,Jumbo Drum,Okidata ML390 Turbo Dot Matrix Printers,0.56,United States,West,Colorado,Louisville,80027,2/22/15,2/22/15,3294.8259,10,4775.11,86621
Medium,0.1,19.98,5.77,240,Gilbert Scarborough,Express Air,Small Business,Office Supplies,Paper,Small Box,Xerox Blank Computer Paper,0.38,United States,West,Colorado,Fountain,80817,4/20/15,4/20/15,35.09,3,57.41,90479
Medium,0.06,259.71,66.67,241,Amy Ellis Holder,Delivery Truck,Small Business,Furniture,Tables,Jumbo Box,"Bevis Round Bullnose 29"" High Table Top",0.61,United States,West,Colorado,Grand Junction,81503,4/20/15,4/21/15,785.63,11,2809.87,90479
Low,0.01,5.94,9.92,241,Amy Ellis Holder,Regular Air,Small Business,Office Supplies,Binders and Binder Accessories,Small Box,Storex Dura Pro™ Binders,0.38,United States,West,Colorado,Grand Junction,81503,5/26/15,6/2/15,-256.519,13,79.93,90480
Low,0.02,125.99,3,241,Amy Ellis Holder,Regular Air,Small Business,Technology,Telephones and Communication,Small Box,270c,0.59,United States,West,Colorado,Grand Junction,81503,5/26/15,5/26/15,398.358,8,873.18,90480
Medium,0.02,146.05,80.2,247,Marshall Brandt Briggs,Delivery Truck,Corporate,Furniture,Tables,Jumbo Box,BPI Conference Tables,0.71,United States,South,Tennessee,Maryville,37804,2/23/15,2/23/15,-101.192,5,798.69,89139
Medium,0.06,65.99,5.92,247,Marshall Brandt Briggs,Regular Air,Corporate,Technology,Telephones and Communication,Small Box,252,0.55,United States,South,Tennessee,Maryville,37804,2/23/15,2/24/15,-3.332,14,792.11,89139
Medium,0.09,2.88,0.99,247,Marshall Brandt Briggs,Regular Air,Corporate,Office Supplies,Labels,Small Box,Avery 514,0.36,United States,South,Tennessee,Maryville,37804,3/21/15,3/23/15,-145.082,10,28.73,89140
Critical,0.02,2.58,1.3,250,Brenda Nelson Blanchard,Express Air,Corporate,Office Supplies,Pens & Art Supplies,Wrap Bag,DIXON Oriole® Pencils,0.59,United States,Central,Minnesota,Richfield,55423,5/28/15,5/29/15,1.108,39,109.74,87214
Critical,0.02,65.99,3.9,250,Brenda Nelson Blanchard,Regular Air,Corporate,Technology,Telephones and Communication,Small Box,StarTAC Series,0.55,United States,Central,Minnesota,Richfield,55423,5/28/15,5/29/15,1061.379,27,1543.55,87214
Medium,0.1,280.98,35.67,254,Brett Hawkins,Delivery Truck,Home Office,Furniture,Tables,Jumbo Box,Global Adaptabilities™ Conference Tables,0.66,United States,West,Colorado,Highlands Ranch,80126,6/10/15,6/11/15,-53.745,5,1332.82,86268
Critical,0.03,8.34,2.64,256,Irene Li,Regular Air,Home Office,Office Supplies,"Scissors, Rulers and Trimmers",Small Pack,Acme® Elite Stainless Steel Scissors,0.59,United States,East,Pennsylvania,Hanover,17331,1/31/15,2/2/15,0.684,4,34.64,86267
Medium,0.05,17.48,1.99,258,Allan Shields,Regular Air,Consumer,Technology,Computer Peripherals,Small Pack,"Maxell Pro 80 Minute CD-R, 10/Pack",0.45,United States,South,Florida,Seminole,33772,1/2/15,1/4/15,-127.008,3,52.47,85858
Low,0.09,2.88,0.7,259,Edward Pugh,Regular Air,Consumer,Office Supplies,Pens & Art Supplies,Wrap Bag,Newell 340,0.56,United States,West,New Mexico,Santa Fe,87505,1/19/15,1/19/15,5.7532,10,26.38,85857
High,0.05,31.76,45.51,263,Carlos Hess,Delivery Truck,Small Business,Furniture,Tables,Jumbo Box,Hon iLevel™ Computer Training Table,0.65,United States,East,Ohio,Cleveland Heights,44106,1/21/15,1/23/15,-2177.986096,9,304.34,86297
Not Specified,0,73.98,12.14,266,Ross Frederick,Express Air,Corporate,Technology,Computer Peripherals,Small Box,Keytronic 105-Key Spanish Keyboard,0.67,United States,Central,Texas,San Antonio,78207,5/18/15,5/20/15,326.25,17,1300.81,90593
Medium,0.08,6.48,7.03,266,Ross Frederick,Regular Air,Corporate,Office Supplies,Paper,Small Box,Xerox 214,0.37,United States,Central,Texas,San Antonio,78207,5/15/15,5/16/15,8.932,10,67.86,90594